@inproceedings{6751319,
author={Zitnick, C.L. and Parikh, D. and Vanderwende, L.},
booktitle={Computer Vision (ICCV), 2013 IEEE International Conference on},
title={Learning the Visual Interpretation of Sentences},
year={2013},
pages={1681-1688},
keywords={image processing;image retrieval;text analysis;CRF;baseline approaches;conditional random field;queries;semantic phrases;sentence visual interpretation;spatial relations;text-based image retrieval task;visual features;visual scenes;Abstracts;Art;Computational modeling;Feature extraction;Radio access networks;Semantics;Visualization},
doi={10.1109/ICCV.2013.211},
ISSN={1550-5499},
month={Dec},
}

@article{Hodosh:2013:FID:2566972.2566993,
 author = {Hodosh, Micah and Young, Peter and Hockenmaier, Julia},
 title = {Framing Image Description As a Ranking Task: Data, Models and Evaluation Metrics},
 journal = {J. Artif. Int. Res.},
 issue_date = {May 2013},
 volume = {47},
 number = {1},
 month = may,
 year = {2013},
 issn = {1076-9757},
 pages = {853--899},
 numpages = {47},
 acmid = {2566993},
 publisher = {AI Access Foundation},
 address = {USA},
}

@CONFERENCE{rasiwasia2010new,
  author = {Rasiwasia, N. and Costa Pereira, J. and Coviello, E. and Doyle, G. and 
	Lanckriet, G.R.G. and Levy, R. and Vasconcelos, N.},
  title = {{A New Approach to Cross-Modal Multimedia Retrieval}},
  booktitle = {ACM International Conference on Multimedia},
  pages={251--260},
  year = {2010}
}


@article{DBLP:journals/corr/PlummerWCCHL15,
  author    = {Bryan Plummer and
               Liwei Wang and
               Chris Cervantes and
               Juan Caicedo and
               Julia Hockenmaier and
               Svetlana Lazebnik},
  title     = {Flickr30k Entities: Collecting Region-to-Phrase Correspondences for
               Richer Image-to-Sentence Models},
  journal   = {CoRR},
  volume    = {abs/1505.04870},
  year      = {2015},
  timestamp = {Mon, 01 Jun 2015 14:13:54 +0200},
  bibsource = {dblp computer science bibliography, http://dblp.org}
}

@InProceedings{Zitnick_2013_ICCV_Workshops,
author = {Zitnick, C. L. and Parikh, Devi},
title = {Bringing Semantics into Focus Using Visual Abstraction},
booktitle = {The IEEE Conference on Computer Vision and Pattern Recognition (CVPR)},
month = {June},
year = {2013}
}


@ARTICLE{Lowe04distinctiveimage,
    author = {David G. Lowe},
    title = {Distinctive Image Features from Scale-Invariant Keypoints},
    journal = {International Journal of Computer Vision},
    year = {2004},
    volume = {60},
    pages = {91--110}
}

@inproceedings{daumeiii:2007:ACLMain,
  added-at = {2009-01-22T03:11:16.000+0100},
  address = {Prague, Czech Republic},
  author = {III, Hal Daume},
  biburl = {http://www.bibsonomy.org/bibtex/28d93ac1c9b2335828df9735978980f9d/jamesh},
  booktitle = {Proceedings of the 45th Annual Meeting of the Association of Computational Linguistics},
  interhash = {b6e4516e8966730952b50e05b50dafc7},
  intrahash = {8d93ac1c9b2335828df9735978980f9d},
  keywords = {domainadaptation},
  month = {June},
  pages = {256--263},
  publisher = {Association for Computational Linguistics},
  timestamp = {2009-01-22T03:11:16.000+0100},
  title = {Frustratingly Easy Domain Adaptation},
  year = 2007
}

@inproceedings{Saenko:2010:AVC:1888089.1888106,
 author = {Saenko, Kate and Kulis, Brian and Fritz, Mario and Darrell, Trevor},
 title = {Adapting Visual Category Models to New Domains},
 booktitle = {Proceedings of the 11th European Conference on Computer Vision: Part IV},
 series = {ECCV'10},
 year = {2010},
 isbn = {3-642-15560-X, 978-3-642-15560-4},
 location = {Heraklion, Crete, Greece},
 pages = {213--226},
 numpages = {14},
 acmid = {1888106},
 publisher = {Springer-Verlag},
 address = {Berlin, Heidelberg},
} 

@incollection{NIPS2007_3270,
title = {McRank: Learning to Rank Using Multiple Classification and Gradient Boosting},
author = {Li, Ping and Qiang Wu and Christopher J. Burges},
booktitle = {Advances in Neural Information Processing Systems 20},
editor = {J.C. Platt and D. Koller and Y. Singer and S.T. Roweis},
pages = {897--904},
year = {2008},
publisher = {Curran Associates, Inc.},
}

@inproceedings{Kulis:2011:YSY:2191740.2191798, author = {Kulis, B. and Saenko, K. and Darrell, T.}, title = {What You Saw is Not What You Get: Domain Adaptation Using Asymmetric Kernel Transforms}, booktitle = {Proceedings of the 2011 IEEE Conference on Computer Vision and Pattern Recognition}, series = {CVPR '11}, year = {2011}, isbn = {978-1-4577-0394-2}, pages = {1785--1792}, numpages = {8}, doi = {10.1109/CVPR.2011.5995702}, acmid = {2191798}, publisher = {IEEE Computer Society}, address = {Washington, DC, USA}, keywords = {imaging condition, asymmetric kernel transform, real-world application, visual domain adaptation, object model transfer, supervised learning, nonlinear transformation, kernel space, symmetric transformation, object recognition model}, } 