@article{DBLP:journals/corr/XuBKCCSZB15,
  author    = {Kelvin Xu and
               Jimmy Ba and
               Ryan Kiros and
               Kyunghyun Cho and
               Aaron C. Courville and
               Ruslan Salakhutdinov and
               Richard S. Zemel and
               Yoshua Bengio},
  title     = {Show, Attend and Tell: Neural Image Caption Generation with Visual
               Attention},
  journal   = {CoRR},
  volume    = {abs/1502.03044},
  year      = {2015},
  timestamp = {Mon, 02 Mar 2015 14:17:34 +0100},
  bibsource = {dblp computer science bibliography, http://dblp.org}
}

 @InProceedings{Chen_2015_CVPR,
author = {Chen, Xinlei and Lawrence Zitnick, C.},
title = {Mind's Eye: A Recurrent Visual Representation for Image Caption Generation},
journal = {The IEEE Conference on Computer Vision and Pattern Recognition (CVPR)},
month = {June},
year = {2015}
}

@article{DBLP:journals/corr/KarpathyF14,
  author    = {Andrej Karpathy and
               Fei{-}Fei Li},
  title     = {Deep Visual-Semantic Alignments for Generating Image Descriptions},
  journal   = {CoRR},
  volume    = {abs/1412.2306},
  year      = {2014},
  timestamp = {Mon, 01 Jun 2015 08:26:33 +0200},
  bibsource = {dblp computer science bibliography, http://dblp.org}
}

@inproceedings{6751319,
author={Zitnick, C.L. and Parikh, D. and Vanderwende, L.},
booktitle={Computer Vision (ICCV), 2013 IEEE International Conference on},
title={Learning the Visual Interpretation of Sentences},
year={2013},
pages={1681-1688},
keywords={image processing;image retrieval;text analysis;CRF;baseline approaches;conditional random field;queries;semantic phrases;sentence visual interpretation;spatial relations;text-based image retrieval task;visual features;visual scenes;Abstracts;Art;Computational modeling;Feature extraction;Radio access networks;Semantics;Visualization},
doi={10.1109/ICCV.2013.211},
ISSN={1550-5499},
month={Dec},
}

@article{Hodosh:2013:FID:2566972.2566993,
 author = {Hodosh, Micah and Young, Peter and Hockenmaier, Julia},
 title = {Framing Image Description As a Ranking Task: Data, Models and Evaluation Metrics},
 journal = {J. Artif. Int. Res.},
 issue_date = {May 2013},
 volume = {47},
 number = {1},
 month = may,
 year = {2013},
 issn = {1076-9757},
 pages = {853--899},
 numpages = {47},
 acmid = {2566993},
 publisher = {AI Access Foundation},
 address = {USA},
}

@CONFERENCE{rasiwasia2010new,
  author = {Rasiwasia, N. and Costa Pereira, J. and Coviello, E. and Doyle, G. and 
	Lanckriet, G.R.G. and Levy, R. and Vasconcelos, N.},
  title = {{A New Approach to Cross-Modal Multimedia Retrieval}},
  booktitle = {ACM International Conference on Multimedia},
  pages={251--260},
  year = {2010}
}

@article{josecp2014role,
  title={On the role of Correlation and Abstraction in Cross-Modal Multimedia Retrieval},
  author={Costa Pereira, Jose and Coviello, Emanuele and Doyle, Gabriel and Rasiwasia, Nikhil and Lanckriet, Gert and Levy, Roger and Vasconcelos, Nuno},
  journal={Transactions of Pattern Analysis and Machine Intelligence},
  year={2014}, 
  month={March}, 
  volume={36}, 
  number={3}, 
  pages={521--535}, 
  publisher={IEEE}
  doi={10.1109/TPAMI.2013.142}, 
  ISSN={0162-8828}
}


@article{DBLP:journals/corr/PlummerWCCHL15,
  author    = {Bryan Plummer and
               Liwei Wang and
               Chris Cervantes and
               Juan Caicedo and
               Julia Hockenmaier and
               Svetlana Lazebnik},
  title     = {Flickr30k Entities: Collecting Region-to-Phrase Correspondences for
               Richer Image-to-Sentence Models},
  journal   = {CoRR},
  volume    = {abs/1505.04870},
  year      = {2015},
  timestamp = {Mon, 01 Jun 2015 14:13:54 +0200},
  bibsource = {dblp computer science bibliography, http://dblp.org}
}

@article{DBLP:journals/corr/LinMBHPRDZ14,
  author    = {Tsung{-}Yi Lin and
               Michael Maire and
               Serge Belongie and
               Lubomir D. Bourdev and
               Ross B. Girshick and
               James Hays and
               Pietro Perona and
               Deva Ramanan and
               Piotr Doll{\'{a}}r and
               C. Lawrence Zitnick},
  title     = {Microsoft {COCO:} Common Objects in Context},
  journal   = {CoRR},
  volume    = {abs/1405.0312},
  year      = {2014},
  timestamp = {Tue, 28 Jul 2015 08:11:51 +0200},
  bibsource = {dblp computer science bibliography, http://dblp.org}
} 

@InProceedings{Zitnick_2013_ICCV_Workshops,
author = {Zitnick, C. L. and Parikh, Devi},
title = {Bringing Semantics into Focus Using Visual Abstraction},
booktitle = {The IEEE Conference on Computer Vision and Pattern Recognition (CVPR)},
month = {June},
year = {2013}
}


